@article{Loosli05,
	title = {Context changes detection by one-class {SVMs}},
	url = {http://eprints.pascal-network.org/archive/00001083/},
	urldate = {2014-12-22},
	author = {Loosli, Gaëlle and Lee, Sans-Goog and Canu, Stéphane},
	year = {2005}
}

@article{Desobry05,
	title = {An online kernel change detection algorithm},
	volume = {53},
	url = {http://ieeexplore.ieee.org/xpls/abs_all.jsp?arnumber=1468491},
	number = {8},
	urldate = {2014-12-22},
	journal = {Signal Processing, {IEEE} Transactions on},
	author = {Desobry, Frédéric and Davy, Manuel and Doncarli, Christian},
	year = {2005},
	pages = {2961--2974}
}